<?xml version="1.0" encoding="UTF-8"?><collection xmlns="http://www.loc.gov/MARC21/slim"><record><leader>00336nam--2200121-i-4500</leader><controlfield tag="001">000038296</controlfield><controlfield tag="002">20161230</controlfield><controlfield tag="005">20161230201041</controlfield><controlfield tag="008">060222s1000------------r-----000-0-eng-d</controlfield><datafield ind1=" " ind2=" " tag="100"><subfield code="a">Reis, Thomas</subfield></datafield><datafield ind1=" " ind2=" " tag="245"><subfield code="a">Aspects economiques des applications industrielles de l`energie nucleaire</subfield></datafield><datafield ind1=" " ind2=" " tag="260"><subfield code="a">Paris, Dunod, 1958, Xv + 372p</subfield></datafield><datafield ind1=" " ind2=" " tag="852"><subfield code="a">13190</subfield></datafield></record></collection>